<record><leader>00000cas a22000007a 4500</leader><controlfield tag="001">29267235</controlfield><controlfield tag="008">931108d18851885nmudn ne      0    0eng d</controlfield><datafield ind1=" " ind2=" " tag="010"><subfield code="a">sn 93061740 </subfield></datafield><datafield ind1=" " ind2=" " tag="040"><subfield code="a">NVM</subfield><subfield code="b">eng</subfield><subfield code="c">NVM</subfield><subfield code="d">OCLCQ</subfield></datafield><datafield ind1=" " ind2=" " tag="042"><subfield code="a">msc</subfield></datafield><datafield ind1=" " ind2=" " tag="043"><subfield code="a">n-us-nm</subfield></datafield><datafield ind1="0" ind2="0" tag="245"><subfield code="a">Santa Fe daily New Mexican review.</subfield></datafield><datafield ind1="1" ind2="7" tag="246"><subfield code="a">New Mexican review</subfield></datafield><datafield ind1=" " ind2=" " tag="260"><subfield code="a">Santa Fe, N.M. :</subfield><subfield code="b">C.B. Hayward</subfield></datafield><datafield ind1=" " ind2=" " tag="300"><subfield code="a">v.</subfield></datafield><datafield ind1=" " ind2=" " tag="310"><subfield code="a">Daily (except Sun. and holidays)</subfield></datafield><datafield ind1="0" ind2=" " tag="362"><subfield code="a">Vol. 22, no. 109 (June 27, 1885)-v. 22, no. 115 (July 6, 1885).</subfield></datafield><datafield ind1=" " ind2=" " tag="530"><subfield code="a">Also on microfilm: Salt Lake City, Utah : Genealogical Society of Utah.</subfield></datafield><datafield ind1=" " ind2="4" tag="651"><subfield code="a">Santa Fe (N.M.)</subfield><subfield code="v">Newspapers.</subfield></datafield><datafield ind1=" " ind2="4" tag="651"><subfield code="a">Santa Fe County (N.M.)</subfield><subfield code="v">Newspapers.</subfield></datafield><datafield ind1=" " ind2=" " tag="752"><subfield code="a">United States</subfield><subfield code="b">New Mexico</subfield><subfield code="c">Santa Fe</subfield><subfield code="d">Santa Fe.</subfield></datafield><datafield ind1="0" ind2=" " tag="775"><subfield code="t">Weekly New Mexican review and live stock journal</subfield><subfield code="w">(DLC)sn 87067094</subfield></datafield><datafield ind1="0" ind2="0" tag="780"><subfield code="t">Santa Fe New Mexican and review (Santa Fe, N.M. : Daily)</subfield><subfield code="w">(DLC)sn 84020626</subfield></datafield><datafield ind1="0" ind2="0" tag="785"><subfield code="t">Santa Fe daily New Mexican (Santa Fe, N.M. : 1885)</subfield><subfield code="w">(DLC)sn 84020631</subfield></datafield><datafield ind1="1" ind2=" " tag="029"><subfield code="a">AU@</subfield><subfield code="b">000025871846</subfield></datafield></record>